% Example bibtex file for ISMIR Template



%%Datasets
@article{holzapfel2012selective,
  title={Selective sampling for beat tracking evaluation},
  author={Holzapfel, Andre and Davies, Matthew EP and Zapata, Jos{\'e} R and Oliveira, Jo{\~a}o Lobato and Gouyon, Fabien},
  journal={Audio, Speech, and Language Processing, IEEE Transactions on},
  volume={20},
  number={9},
  pages={2539--2548},
  year={2012},
  publisher={IEEE}
}

